[gd_scene load_steps=7 format=1]

[ext_resource path="res://Scripts/CombatSceneRoot.gd" type="Script" id=1]
[ext_resource path="res://Scripts/SoundManager.gd" type="Script" id=2]
[ext_resource path="res://Audio/Music/battle.ogg" type="AudioStream" id=3]
[ext_resource path="res://Scripts/CombatScene_BattleSolver.gd" type="Script" id=4]
[ext_resource path="res://Scripts/CombatScene_AI.gd" type="Script" id=5]

[sub_resource type="StyleBoxFlat" id=1]

content_margin/left = -1.0
content_margin/right = -1.0
content_margin/top = -1.0
content_margin/bottom = -1.0
bg_color = Color( 0.0235294, 0.0235294, 0.0235294, 0.694118 )
light_color = Color( 0, 0, 0, 0.694118 )
dark_color = Color( 0, 0, 0, 0.694118 )
border_size = 0
border_blend = true
draw_bg = true

[node name="SceneRoot" type="Node2D"]

script/script = ExtResource( 1 )

[node name="BackgroundLayers" type="Node2D" parent="."]

[node name="Bg" type="Sprite" parent="BackgroundLayers"]

centered = false

[node name="Sounds" type="Node2D" parent="."]

script/script = ExtResource( 2 )

[node name="Music" type="Node2D" parent="Sounds"]

[node name="Track1" type="StreamPlayer" parent="Sounds/Music" groups=[ "MusicSounds" ]]

stream/stream = ExtResource( 3 )
stream/play = false
stream/loop = false
stream/volume_db = 0.0
stream/autoplay = false
stream/paused = false
stream/loop_restart_time = 0.0
stream/buffering_ms = 500

[node name="Lights" type="Node2D" parent="."]

[node name="GameEffects" type="Node2D" parent="."]

[node name="UI" type="Node2D" parent="."]

[node name="TabContainer" type="TabContainer" parent="UI"]

editor/display_folded = true
focus/ignore_mouse = false
focus/stop_mouse = true
size_flags/horizontal = 2
size_flags/vertical = 2
margin/left = 0.0
margin/top = 0.0
margin/right = 8.0
margin/bottom = 36.0
tab_align = 1
tabs_visible = true

[node name="Physical" type="VBoxContainer" parent="UI/TabContainer"]

anchor/right = 1
anchor/bottom = 1
focus/ignore_mouse = false
focus/stop_mouse = false
size_flags/horizontal = 2
size_flags/vertical = 2
margin/left = 4.0
margin/top = 32.0
margin/right = 4.0
margin/bottom = 4.0
alignment = 0

[node name="Magic" type="VBoxContainer" parent="UI/TabContainer"]

visibility/visible = false
anchor/right = 1
anchor/bottom = 1
focus/ignore_mouse = false
focus/stop_mouse = false
size_flags/horizontal = 2
size_flags/vertical = 2
margin/left = 4.0
margin/top = 32.0
margin/right = 4.0
margin/bottom = 4.0
alignment = 0

[node name="PlayerHealth" type="ProgressBar" parent="UI" groups=[ "UIFontType" ]]

focus/ignore_mouse = false
focus/stop_mouse = true
size_flags/horizontal = 2
size_flags/vertical = 0
margin/left = 0.0
margin/top = 0.0
margin/right = 16.0
margin/bottom = 16.0
range/min = 0.0
range/max = 100.0
range/step = 1.0
range/page = 0.0
range/value = 1.0
range/exp_edit = false
range/rounded = false
percent/visible = true

[node name="EnemyHealth" type="ProgressBar" parent="UI" groups=[ "UIFontType" ]]

focus/ignore_mouse = false
focus/stop_mouse = true
size_flags/horizontal = 2
size_flags/vertical = 0
margin/left = 0.0
margin/top = 0.0
margin/right = 16.0
margin/bottom = 16.0
range/min = 0.0
range/max = 100.0
range/step = 1.0
range/page = 0.0
range/value = 1.0
range/exp_edit = false
range/rounded = false
percent/visible = true

[node name="PlayerHealthLabel" type="Label" parent="UI" groups=[ "UIFontType" ]]

focus/ignore_mouse = true
focus/stop_mouse = true
size_flags/horizontal = 2
size_flags/vertical = 0
margin/left = 0.0
margin/top = 0.0
margin/right = 40.0
margin/bottom = 14.0
custom_colors/font_color = Color( 0, 0, 0, 1 )
text = "Desil"
percent_visible = 1.0
lines_skipped = 0
max_lines_visible = -1

[node name="EnemyHealthLabel" type="Label" parent="UI" groups=[ "UIFontType" ]]

focus/ignore_mouse = true
focus/stop_mouse = true
size_flags/horizontal = 2
size_flags/vertical = 0
margin/left = 0.0
margin/top = 0.0
margin/right = 40.0
margin/bottom = 14.0
custom_colors/font_color = Color( 0, 0, 0, 1 )
text = "Enemy Health:"
percent_visible = 1.0
lines_skipped = 0
max_lines_visible = -1

[node name="TurnLabel" type="Label" parent="UI" groups=[ "TitleFontType" ]]

focus/ignore_mouse = true
focus/stop_mouse = true
size_flags/horizontal = 2
size_flags/vertical = 0
margin/left = 0.0
margin/top = 0.0
margin/right = 40.0
margin/bottom = 14.0
custom_colors/font_color = Color( 0, 0, 0, 1 )
percent_visible = 1.0
lines_skipped = 0
max_lines_visible = -1

[node name="BattleLog" type="RichTextLabel" parent="UI" groups=[ "MainTextsFontType" ]]

editor/display_folded = true
anchor/right = 1
anchor/bottom = 1
focus/ignore_mouse = false
focus/stop_mouse = true
size_flags/horizontal = 2
size_flags/vertical = 2
margin/left = 0.0
margin/top = 0.0
margin/right = 24.0
margin/bottom = 24.0
bbcode/enabled = false
bbcode/bbcode = ""
visible_characters = -1

[node name="Panel" type="Panel" parent="UI/BattleLog"]

visibility/behind_parent = true
anchor/right = 1
anchor/bottom = 1
focus/ignore_mouse = false
focus/stop_mouse = true
size_flags/horizontal = 2
size_flags/vertical = 2
margin/left = 0.0
margin/top = 0.0
margin/right = 0.0
margin/bottom = 0.0
custom_styles/panel = SubResource( 1 )

[node name="SummaryScreen" type="Node2D" parent="."]

[node name="BattleSummary" type="WindowDialog" parent="SummaryScreen"]

editor/display_folded = true
visibility/visible = false
focus/ignore_mouse = false
focus/stop_mouse = true
size_flags/horizontal = 2
size_flags/vertical = 2
margin/left = 0.0
margin/top = 0.0
margin/right = 16.0
margin/bottom = 40.0
popup/exclusive = true
window/title = "Battle Summary"

[node name="VBoxContainer" type="VBoxContainer" parent="SummaryScreen/BattleSummary"]

focus/ignore_mouse = false
focus/stop_mouse = false
size_flags/horizontal = 2
size_flags/vertical = 2
margin/left = 0.0
margin/top = 0.0
margin/right = 40.0
margin/bottom = 40.0
alignment = 0

[node name="Title" type="Label" parent="SummaryScreen/BattleSummary/VBoxContainer" groups=[ "UIFontType" ]]

focus/ignore_mouse = true
focus/stop_mouse = true
size_flags/horizontal = 2
size_flags/vertical = 0
margin/left = 0.0
margin/top = 0.0
margin/right = 40.0
margin/bottom = 14.0
align = 1
percent_visible = 1.0
lines_skipped = 0
max_lines_visible = -1

[node name="Result" type="Label" parent="SummaryScreen/BattleSummary/VBoxContainer" groups=[ "UIFontType" ]]

focus/ignore_mouse = true
focus/stop_mouse = true
size_flags/horizontal = 2
size_flags/vertical = 0
margin/left = 0.0
margin/top = 0.0
margin/right = 40.0
margin/bottom = 14.0
align = 1
percent_visible = 1.0
lines_skipped = 0
max_lines_visible = -1

[node name="Details" type="HBoxContainer" parent="SummaryScreen/BattleSummary/VBoxContainer"]

focus/ignore_mouse = false
focus/stop_mouse = false
size_flags/horizontal = 2
size_flags/vertical = 2
margin/left = 0.0
margin/top = 0.0
margin/right = 40.0
margin/bottom = 40.0
alignment = 1

[node name="PlayerBattleStatistic" type="VBoxContainer" parent="SummaryScreen/BattleSummary/VBoxContainer/Details"]

focus/ignore_mouse = false
focus/stop_mouse = false
size_flags/horizontal = 2
size_flags/vertical = 2
margin/left = 0.0
margin/top = 0.0
margin/right = 40.0
margin/bottom = 40.0
alignment = 0

[node name="Name" type="Label" parent="SummaryScreen/BattleSummary/VBoxContainer/Details/PlayerBattleStatistic" groups=[ "UIFontType" ]]

focus/ignore_mouse = true
focus/stop_mouse = true
size_flags/horizontal = 2
size_flags/vertical = 0
margin/left = 0.0
margin/top = 0.0
margin/right = 40.0
margin/bottom = 14.0
percent_visible = 1.0
lines_skipped = 0
max_lines_visible = -1

[node name="DamageDealt" type="Label" parent="SummaryScreen/BattleSummary/VBoxContainer/Details/PlayerBattleStatistic" groups=[ "UIFontType" ]]

focus/ignore_mouse = true
focus/stop_mouse = true
size_flags/horizontal = 2
size_flags/vertical = 0
margin/left = 0.0
margin/top = 0.0
margin/right = 40.0
margin/bottom = 14.0
percent_visible = 1.0
lines_skipped = 0
max_lines_visible = -1

[node name="Accuracy" type="Label" parent="SummaryScreen/BattleSummary/VBoxContainer/Details/PlayerBattleStatistic" groups=[ "UIFontType" ]]

focus/ignore_mouse = true
focus/stop_mouse = true
size_flags/horizontal = 2
size_flags/vertical = 0
margin/left = 0.0
margin/top = 0.0
margin/right = 40.0
margin/bottom = 14.0
percent_visible = 1.0
lines_skipped = 0
max_lines_visible = -1

[node name="EnemyBattleStatistic" type="VBoxContainer" parent="SummaryScreen/BattleSummary/VBoxContainer/Details"]

focus/ignore_mouse = false
focus/stop_mouse = false
size_flags/horizontal = 2
size_flags/vertical = 2
margin/left = 0.0
margin/top = 0.0
margin/right = 40.0
margin/bottom = 40.0
alignment = 0

[node name="Name" type="Label" parent="SummaryScreen/BattleSummary/VBoxContainer/Details/EnemyBattleStatistic" groups=[ "UIFontType" ]]

focus/ignore_mouse = true
focus/stop_mouse = true
size_flags/horizontal = 2
size_flags/vertical = 0
margin/left = 0.0
margin/top = 0.0
margin/right = 40.0
margin/bottom = 14.0
percent_visible = 1.0
lines_skipped = 0
max_lines_visible = -1

[node name="DamageDealt" type="Label" parent="SummaryScreen/BattleSummary/VBoxContainer/Details/EnemyBattleStatistic" groups=[ "UIFontType" ]]

focus/ignore_mouse = true
focus/stop_mouse = true
size_flags/horizontal = 2
size_flags/vertical = 0
margin/left = 0.0
margin/top = 0.0
margin/right = 40.0
margin/bottom = 14.0
percent_visible = 1.0
lines_skipped = 0
max_lines_visible = -1

[node name="Accuracy" type="Label" parent="SummaryScreen/BattleSummary/VBoxContainer/Details/EnemyBattleStatistic" groups=[ "UIFontType" ]]

focus/ignore_mouse = true
focus/stop_mouse = true
size_flags/horizontal = 2
size_flags/vertical = 0
margin/left = 0.0
margin/top = 0.0
margin/right = 40.0
margin/bottom = 14.0
percent_visible = 1.0
lines_skipped = 0
max_lines_visible = -1

[node name="ExitButton" type="Button" parent="SummaryScreen/BattleSummary/VBoxContainer" groups=[ "UIFontType" ]]

focus/ignore_mouse = false
focus/stop_mouse = true
size_flags/horizontal = 2
size_flags/vertical = 2
margin/left = 0.0
margin/top = 0.0
margin/right = 12.0
margin/bottom = 20.0
toggle_mode = false
enabled_focus_mode = 2
shortcut = null
text = "Exit"
flat = false

[node name="Mechanics" type="Node2D" parent="."]

[node name="BattleSolver" type="Node2D" parent="Mechanics"]

script/script = ExtResource( 4 )

[node name="AI" type="Node2D" parent="Mechanics"]

script/script = ExtResource( 5 )

[connection signal="finished" from="Sounds/Music/Track1" to="Sounds" method="_Signal_StepMusicTrack"]

[connection signal="hide" from="SummaryScreen/BattleSummary" to="." method="_on_BattleSummary_hide"]

[connection signal="pressed" from="SummaryScreen/BattleSummary/VBoxContainer/ExitButton" to="." method="_on_ExitButton_pressed"]


